@string{ijrr = "I. J. Robotics Res."}
@string{ijrr = "IJRR"}

@string{tra = "{IEEE} Trans. Robotics and Automation"}
@string{tr = "{IEEE} Trans. Robotics"}
@string{cdc = "{IEEE} Conference on Decision and Control"}
@string{ral = "{IEEE} Robotics and Automation Letters"}

@string{jirs = "Journal of Intelligent \& Robotic Systems"}
@string{jirs = "J. Intell. Robot. Syst."}


@string{ar = "Autonomous Robots"}
@string{rr = "Robotics Research"}

@string{cad = "Computer-Aided Design"}

@string{aaai = "Conference on Artificial Intelligence ({AAAI})"}
@string{aaai = "AAAI"}


@string{roman= "{IEEE} Int. Symp. on Robot and Human Interactive Communication (RO-MAN)"}
@string{iros = "{IEEE/RSJ} Int. Conf. Intelligent Robots and Systems (IROS)"}
@string{icra = "{IEEE} Int. Conf. Robotics and Automation (ICRA)"}
@string{rss = "Robotics: Science and Systems (RSS)"}
@string{wafr = "Workshop on Algorithmic Foundations of Robotics (WAFR)"}
@string{wafr = "WAFR"}

@string{nips = "Advances in Neural Information Processing Systems"}
@string{icaps = "International Conference on Automated Planning and Scheduling (ICAPS)"}
@string{siggraph = "{ACM} {SIGGRAPH}/Eurographics symposium on computer animation"}
@string{iser = "International Symposium on Experimental Robotics (ISER)"}
@string{socg = "Symposium on Computational Geometry (SoCG)"}
@string{socs = "Symposium on Combinatorial Search (SoCS)"}
@string{isrr = "International symposium on robotics research (ISRR)"}




@inproceedings{DSJA14,
  author    = {Jory Denny and
               Read Sandstr{\"{o}}m and
               Nicole Julian and
               Nancy M. Amato},
  title     = {A Region-Based Strategy for Collaborative Roadmap Construction},
  booktitle = wafr,
  pages     = {125--141},
  year      = {2014}
}

@article{TFF12,
  title={Human interaction with motion planning algorithm},
  author={Ta{\"\i}x, Michel and Flavign{\'e}, David and Ferr{\'e}, Etienne},
  journal=jirs,
  volume={67},
  number={3},
  pages={285--306},
  year={2012}
}

@incollection{YA17,
  title={Demonstration-Guided Motion Planning},
  author={Ye, Gu and Alterovitz, Ron},
  booktitle=rr,
  pages={291--307},
  year={2017}
}

@article{PHCL16,
  title={Learning to plan for constrained manipulation from demonstrations},
  author={Phillips, Mike and Hwang, Victor and Chitta, Sachin and Likhachev, Maxim},
  journal=ar,
  volume={40},
  number={1},
  pages={109--124},
  year={2016},
  publisher={Springer}
}

@incollection{SHLA16,
  title={Learning from demonstrations through the use of non-rigid registration},
  author={Schulman, John and Ho, Jonathan and Lee, Cameron and Abbeel, Pieter},
  booktitle=rr,
  pages={339--354},
  year={2016}
}

@inproceedings{HS16,
  title={Distance metrics and algorithms for task space path optimization},
  author={Holladay, Rachel M and Srinivasa, Siddhartha S},
  booktitle=iros,
  pages={5533--5540},
  year={2016}
}

@article{YPB15,
  title={An interactive motion planning framework that can learn from experience},
  author={Yan, Yu and Poirson, Emilie and Bennis, Fouad},
  journal=cad,
  volume={59},
  pages={23--38},
  year={2015}
}

@inproceedings{MTMKDC15,
  title={Human-Assisted {RRT} for Path Planning in Urban Environments},
  author={Mehta, Siddhartha S and Ton, Chau and McCourt, Michael J and Kan, Z and Doucette, Emily A and Curtis, W},
  booktitle={Systems, Man, and Cybernetics (SMC), 2015 IEEE International Conference on},
  pages={941--946},
  year={2015}
}

@inproceedings{BTFF16,
  author    = {Nassime Blin and
               Michel Ta{\"{\i}}x and
               Philippe Fillatreau and
               Jean{-}Yves Fourquet},
  title     = {{I-RRT-C:} Interactive motion planning with contact},
  booktitle = iros,
  pages     = {4244--4249},
  year      = {2016}
}

@inproceedings{FTF09,
  title={Interactive motion planning for assembly tasks},
  author={Flavigne, David and Ta{\"{\i}}x, Michel and Ferre, Etienne},
  booktitle=roman,
  pages={430--435},
  year={2009}
}

@book{L06,
  author    = {Steven M. LaValle},
  title     = {Planning algorithms},
  publisher = {Cambridge University Press},
  year      = {2006}
}

@article{ASNHL16,
  title={Multi-heuristic {A*}},
  author={Aine, Sandip and Swaminathan, Siddharth and Narayanan, Venkatraman and Hwang, Victor and Likhachev, Maxim},
  journal=ijrr,
  volume={35},
  number={1-3},
  pages={224--243},
  year={2016}
}

@inproceedings{RV12,
  author    = {Stephanie Rosenthal and
               Manuela M. Veloso},
  title     = {Mobile Robot Planning to Seek Help with Spatially-Situated Tasks},
  booktitle = aaai,
  year      = {2012}
}

@article{KMMO94,
  title={Competitive randomized algorithms for nonuniform problems},
  author={Karlin, Anna R and Manasse, Mark S and McGeoch, Lyle A and Owicki, Susan},
  journal={Algorithmica},
  volume={11},
  number={6},
  pages={542--571},
  year={1994},
  publisher={Springer}
}

@inproceedings{INL15,
  author    = {Fahad Islam and
               Venkatraman Narayanan and
               Maxim Likhachev},
  title     = {Dynamic Multi-Heuristic {A}*},
  booktitle = icra,
  pages     = {2376--2382},
  year      = {2015}
}